@book{morrison1994fourier,
  title={Introduction to Fourier Analysis},
  author={Morrison, Norman},
  year={1994},
  publisher={John Wiley and Sons, Inc.}
}
@article{lenssen2014fouriermusic,
  title={An Introduction to Fourier Analysis with Applications to Music},
  author={Lenssen, Nathan and Needell, Deanna},
  journal={Journal of Humanistic Mathematics},
  volume={4},
  number={1},
  pages={72--91},
  year={2014}
}
@book{boatwright1956musictheory,
  title={Introduction to the Theory of Music},
  author={Boatwright, Howard},
  year={1956},
  publisher={W. W. Norton and Company, Inc.}
}
@misc{nave2017hyperphysics,
  author={Carl R. (Rod) Nave},
  title={Sound Waves in Air, HyperPhysics},
  howpublished={Digital image from HyperPhysics website},
  year={2001},
  note={Hosted by Georgia State University}
}
@book{robertson2004synesthesia,
  title={Synesthesia: Perspectives from Cognitive Neuroscience},
  author={Robertson, Lynn C and Sagiv, Noam},
  year={2004},
  publisher={Oxford University Press}
}
@misc{hertzDefinition,
  title={Hertz.},
  author={Merriam-Webster},
  year={2022},
  url={https://www.merriam-webster.com/dictionary/hertz},
  note={In Merriam-Webster.com dictionary}
}
@article{Lotto2011Psychology,
  title={Psychology of auditory perception.},
  author={Andrew Lotto and Lori L. Holt},
  journal={Wiley interdisciplinary reviews. Cognitive science},
  year={2011},
  volume={2 5},
  pages={479--489}
}
@book{hsu1970fourier,
  author={Hsu, H. P.},
  title={Fourier Analysis},
  year={1970},
  address={New York},
  publisher={Simon and Schuster}
}
@book{shields1968linearalgebra,
  author={Shields, P. C.},
  title={Elementary Linear Algebra},
  address={New York},
  year={1968},
  publisher={Worth Publishers}
}
@article{hunter2007pyplot,
  author={Hunter, J. D.},
  title={Matplotlib: A 2D graphics environment},
  journal={Computing in Science \& Engineering},
  volume={9},
  number={3},
  pages={90--95},
  publisher={IEEE COMPUTER SOC},
  doi={10.1109/MCSE.2007.55},
  year={2007}
}
@misc{noteFrequencies,
  title={Physics of Music - Notes, Tuning},
  author={B. H. Suits},
  year={2022},
  url={https://pages.mtu.edu/~suits/notefreqs.html},
  note={Website hosted by the Physics Department of Michigan Technological University}
}
@misc{pyaudio,
  author={People.csail.mit.edu},
  title={PyAudio Documentation - PyAudio 0.2.11},
  url={https://people.csail.mit.edu/hubert/pyaudio/docs/},
  year={2016}
}
@book{python,
 author = {Van Rossum, Guido and Drake, Fred L.},
 title = {Python 3 Reference Manual},
 year = {2009},
 isbn = {1441412697},
 publisher = {CreateSpace},
 address = {Scotts Valley, CA}
}
@article{scipy,
  author={Virtanen, Pauli and Gommers, Ralf and Oliphant, Travis E. and Haberland, Matt and Reddy, Tyler and Cournapeau, David and Burovski, Evgeni and Peterson, Pearu and Weckesser, Warren and Bright, Jonathan and van der Walt, St'efan J. and Brett, Matthew and Wilson, Joshua and Millman, K. Jarrod and Mayorov, Nikolay and Nelson, Andrew R. J. and Jones, Eric and Kern, Robert and Larson, Eric and Carey, C J and Polat, Ilhan and Feng, Yu and Moore, Eric W. and VanderPlas, Jake and Laxalde, Denis and Perktold, Josef and Cimrman, Robert and Henriksen, Ian and Quintero, E. A. and Harris, Charles R. and Archibald, Anne M. and Ribeiro, Antonio H. and Pedregosa, Fabian and van Mulbregt, Paul and SciPy 1.0 Contributors},
  title={SciPy 1.0: Fundamental Algorithms for Scientific Computing in Python},
  journal={Nature Methods},
  year={2020},
  volume={17},
  pages={261--272},
  url={https://rdcu.be/b08Wh},
  doi={10.1038/s41592-019-0686-2}
}
@article{tuningSystems,
  author={Temperley, Nicholas},
  title={Tuning and Temperament},
  publisher={Encyclopedia Britannica},
  year={2007},
  url={https://www.britannica.com/art/tuning-and-temperament}
}
@misc{intervalChart,
  author={Jacobsen, Larry},
  title={Just vs Equal temperament chart},
  year={2012},
  publisher={flickr},
  url={https://www.flickr.com/photos/ljguitar/7983224694/in/photostream/}
}
@misc{a440why,
    author = {Wikipedia contributors},
    title = {Concert Pitch from Wikipedia, The Free Encyclopedia},
    year = {2022},
    url = {https://en.wikipedia.org/w/index.php?title=Concert_pitch&oldid=1072127260},
    note = {Online; accessed 3-March-2022}
}
@misc{sineWiki,
    author = "{Wikipedia contributors}",
    title = "Sine wave --- {Wikipedia}{,} The Free Encyclopedia",
    year = "2022",
    url = "https://en.wikipedia.org/w/index.php?title=Sine_wave&oldid=1071914615",
    note = "[Online; accessed 3-March-2022]"
}
 @misc{angularFrequency,
    author = "{Wikipedia contributors}",
    title = "Angular frequency --- {Wikipedia}{,} The Free Encyclopedia",
    year = "2021",
    url = "https://en.wikipedia.org/w/index.php?title=Angular_frequency&oldid=1058712937",
    note = "[Online; accessed 3-March-2022]"
}









@inproceedings{mardirossian2007visualizing,
  title={Visualizing Music: Tonal Progressions and Distributions.},
  author={Mardirossian, Arpi and Chew, Elaine},
  booktitle={ISMIR},
  pages={189--194},
  year={2007}
}
@inproceedings{isaacson2005you,
  title={What You See Is What You Get: on Visualizing Music.},
  author={Isaacson, Eric J},
  booktitle={ISMIR},
  pages={389--395},
  year={2005}
}
@inproceedings{Foote1999self-similarity,
  author = {Foote, Jonathan},
  title = {Visualizing Music and Audio Using Self-Similarity},
  year = {1999},
  publisher = {Association for Computing Machinery},
  address = {NY},
  doi = {10.1145/319463.319472},
  booktitle = {Proceedings of the Seventh ACM International Conference on Multimedia (Part 1)},
  pages = {77–80}
}
@inproceedings{bergstrom2007isochords,
    author = {Bergstrom, Tony and Karahalios, Karrie and Hart, John C.},
    title = {Isochords: Visualizing Structure in Music},
    year = {2007},
    publisher = {Association for Computing Machinery},
    address = {NY},
    doi = {10.1145/1268517.1268565},
    booktitle = {Proceedings of Graphics Interface 2007},
    pages = {297–304}
}